@inproceedings{INFOCACongreso2017,
    author="Duque, G. and Pabón, M. and Vignote, S. and Planelles, R.",
    title={{Coordinación aérea de INFOCA en incendios forestales [INFOCA's aerial coordination during wildfires]}},
    month=jun,
    year="2017",
    booktitle="Proc. of the 7\textdegree~Congreso Forestal Español",
    publisher="Spanish Society of Forest Sciences",
    address="Cáseres, Extremadura, Spain",
    pages="1--12",
    isbn="978-84-941695-2-6"
}

@unpublished{SkorinKapov/ILP,
    author = {Nina Skorin-Kapov},
    title  = {{An ILP Formulation for Scheduling Aerial Resources for the Extinction of Large Wildfires}},
    year   = "2021",
    note   = "[Unpublished manuscript], University Center of Defense, San Javier Air Force Base, Spain",
}

@article{Veiga/AerialScheduler,
    author = {Rodríguez-Veiga, Jorge and Gómez-Costa, Iván and Ginzo-Villamayor, María José and Casas-Méndez, Balbina and Sáiz-Díaz, José Luis},
    title = "{Assignment Problems in Wildfire Suppression: Models for Optimization of Aerial Resource Logistics}",
    journal = {Forest Science},
    volume = {64},
    number = {5},
    pages = {504--514},
    year = {2018},
    issn = {0015-749X},
    doi = {10.1093/forsci/fxy012},
    url = {https://doi.org/10.1093/forsci/fxy012},
    eprint = {https://academic.oup.com/forestscience/article-pdf/64/5/504/25863244/fxy012.pdf},
}

@article{Veiga/FullScheduler,
    AUTHOR = {Rodríguez-Veiga, Jorge and Ginzo-Villamayor, María José and Casas-Méndez, Balbina},
    TITLE = "{An Integer Linear Programming Model to Select and Temporally Allocate Resources for Fighting Forest Fires}",
    JOURNAL = {Forests},
    VOLUME = {9},
    YEAR = {2018},
    NUMBER = {10},
    ARTICLE-NUMBER = {583},
    URL = {https://www.mdpi.com/1999-4907/9/10/583},
    ISSN = {1999-4907},
    DOI = {10.3390/f9100583}
}

@inproceedings{Shaw/LNS,
    author="Shaw, Paul",
    title={{Using Constraint Programming and Local Search Methods to Solve Vehicle Routing Problems}},
    booktitle="Principles and Practice of Constraint Programming --- CP98",
    year="1998",
    publisher="Springer, Berlin, Heidelberg",
    pages="417--431",
    isbn="978-3-540-49481-2"
}

@inbook{Pisinger/LNS,
    author="Pisinger, David and Ropke, Stefan",
    title="Large Neighborhood Search",
    bookTitle="Handbook of Metaheuristics",
    year="2010",
    publisher="Springer US",
    address="Boston, MA",
    pages="399--419",
    isbn="978-1-4419-1665-5",
    doi="10.1007/978-1-4419-1665-5_13",
    url="https://doi.org/10.1007/978-1-4419-1665-5_13"
}

@article{Dell/TS,
    title={Applying tabu search to the job-shop scheduling problem},
    author={Dell'Amico, Mauro and Trubian, Marco},
    journal={Annals of Operations Research},
    volume={41},
    number={3},
    pages={231--252},
    year={1993},
    publisher={Springer}
}

@article{Brandimarte/TS,
    title={Routing and scheduling in a flexible job shop by tabu search},
    author={Brandimarte, Paolo},
    journal={Annals of Operations Research},
    volume={41},
    number={3},
    pages={157--183},
    year={1993},
    publisher={Springer}
}

@incollection{Voudouris/GLS,
    title={{Guided Local Search}},
    author={Voudouris, Christos and Tsang, Edward and Alsheddy, Abdullah},
    booktitle={Handbook of Metaheuristics},
    pages={321--361},
    year={2010},
    publisher={Springer}
}

@misc{Spain/AnnexCircular,
    author={{Directorate General of Civil Aviation}},
    title={{Anexo n\textdegree.1 a Circular Operativa 16-B [Annex I to Operations Circular 16-B]}},
    month=may,
    year={2001},
    howpublished = {\url{https://www.seguridadaerea.gob.es/sites/default/files/anexo_1a_co_16b.pdf}}
}

@article{Shoshany/ThreadPool,
    archiveprefix = {arXiv},
    author        = {Barak Shoshany},
    doi           = {10.5281/zenodo.4742687},
    eid           = {arXiv:2105.00613},
    eprint        = {2105.00613},
    journal       = {arXiv e-prints},
    month         = may,
    primaryclass  = {cs.DC},
    title         = {{A C++17 Thread Pool for High-Performance Scientific Computing}},
    year          = 2021
}

@article{Feo/GraspFirst,
    title = {A probabilistic heuristic for a computationally difficult set covering problem},
    author = {Feo, Thomas A. and Resende, Mauricio G. C.},
    journal = {Operations Research Letters},
    volume = {8},
    number = {2},
    pages = {67-71},
    year = {1989},
    issn = {0167-6377},
    doi = {https://doi.org/10.1016/0167-6377(89)90002-3},
    url = {https://www.sciencedirect.com/science/article/pii/0167637789900023}
}

@article{Feo/GraspReview,
    author={Feo, Thomas A. and Resende, Mauricio G. C.},
    title={{Greedy Randomized Adaptive Search Procedures}},
    journal={Journal of Global Optimization},
    year={1995},
    month=mar,
    volume={6},
    number={2},
    pages={109-133},
    issn={1573-2916},
    doi={10.1007/BF01096763},
    url={https://doi.org/10.1007/BF01096763}
}

@article{Hart/RCL,
    title = {Semi-greedy heuristics: An empirical study},
    author = {J.Pirie Hart and Andrew W. Shogan},
    journal = {Operations Research Letters},
    volume = {6},
    number = {3},
    pages = {107--114},
    year = {1987},
    issn = {0167-6377},
    doi = {https://doi.org/10.1016/0167-6377(87)90021-6},
    url = {https://www.sciencedirect.com/science/article/pii/0167637787900216},
}

@article{Kirkpatrick/SA,
    author = {S. Kirkpatrick and C. D. Gelatt and M. P. Vecchi},
    title = {{Optimization by Simulated Annealing}},
    journal = {Science},
    volume = {220},
    number = {4598},
    pages = {671-680},
    year = {1983},
    doi = {10.1126/science.220.4598.671},
    URL = {https://www.science.org/doi/abs/10.1126/science.220.4598.671},
    eprint = {https://www.science.org/doi/pdf/10.1126/science.220.4598.671}
}

@article{Misevicius/SA,
  title={{An Overview of Some Heuristic Algorithms for Combinatorial Optimization Problems}},
  author={Misevičius, Alfonsas and Blažauskas, Tomas and Blonskis, Jonas and Smolinskas, Jonas},
  journal={Information Technology and Control},
  volume={30},
  number={1},
  year={2004}
}

@inproceedings{Ma/InhomogeneousSA,
    author={Ma, Zuoling and Wang, Lijin and Lin, Song and Zhong, Yiwen},
    booktitle={Proc. of the 2018 11th International Congress on Image and Signal Processing, BioMedical Engineering and Informatics (CISP-BMEI)},
    title={Comparative Study of Inhomogeneous Simulated Annealing Algorithms for Quadratic Assignment Problem},
    month = oct,
    year={2018},
    volume={},
    number={},
    pages={1--7},
    organization={IEEE},
    doi={10.1109/CISP-BMEI.2018.8633152}
}

@inbook{Fourer/AMPL,
    title={{AMPL: A Modeling Language for Mathematical Programming}},
    author={Fourer, R. and Gay, D. M. and Kernighan, B. W.},
    isbn={9780534388096},
    series={Scientific Press series},
    pages = {143--167},
    year={2003},
    publisher={Thomson/Brooks/Cole}
}

@misc{Schreiner/CLI11,
    author = {Henry Schreiner},
    title = {{CLI11}},
    year = {2022},
    howpublished = {GitHub repository, \url{https://github.com/CLIUtils/CLI11}},
    note = "Accessed: 2022-06-02",
}

@inproceedings{Ferreira/MemoryAllocators,
    author={Ferreira, Tais B. and Matias, Rivalino and Macedo, Autran and Araujo, Lucio B.},
    booktitle={2011 12th International Conference on Parallel and Distributed Computing, Applications and Technologies},
    title={{An Experimental Study on Memory Allocators in Multicore and Multithreaded Applications}},
    year={2011},
    pages={92--98},
    doi={10.1109/PDCAT.2011.18},
}

@techreport{UN/FiresReport,
    author      = {{United Nations Environment Programme}},
    title       = {{Spreading like Wildfire – The Rising Threat of Extraordinary Landscape Fires}},
    institution = "A UNEP Rapid Response Assessment",
    month       = feb,
    year        = "2022",
    address     = "Nairobi",
}

@Article{Weber/WildfireTrends,
    AUTHOR = {Weber, Keith T. and Yadav, Rituraj},
    TITLE = {{Spatiotemporal Trends in Wildfires across the Western United States (1950–2019)}},
    JOURNAL = {Remote Sensing},
    VOLUME = {12},
    YEAR = {2020},
    NUMBER = {18},
    ARTICLE-NUMBER = {2959},
    URL = {https://www.mdpi.com/2072-4292/12/18/2959},
    ISSN = {2072-4292},
    DOI = {10.3390/rs12182959},
}

@misc{NASA/Temperature,
    author = {{NASA Global Climate Change and Global Warming: Vital Signs of the Planet}},
    title = {{Global Climate Change: Global Temperature}},
    howpublished = "\url{https://climate.nasa.gov/vital-signs/global-temperature/}",
    year = "2022",
    note = "Accessed: 2022-06-15",
}

@misc{Spain/Campaign,
    author = {{Department of Homeland Security (Spain)}},
    title = {{Campaña contra Incendios Forestales 2021 [Campaign against Forest Fires 2021]}},
    howpublished = "\url{https://www.dsn.gob.es/es/actualidad/sala-prensa/campa\%C3\%B1a-contra-incendios-forestales-2021}",
    month = jun,
    year = "2021",
    note = "Accessed: 2022-06-16",
}

@misc{Canada/Suppression,
    author = {{Environment and Natural Resources, Government of Northwest Territories, Canada}},
    title = {{Wildfire operations -- Suppressing wildland fires}},
    howpublished = "\url{https://www.enr.gov.nt.ca/en/services/wildfire-operations/suppressing-wildland-fires}",
    note = "Accessed: 2022-06-16",
}

@misc{Canada/Retardants,
    author = {{Environment and Natural Resources, Government of Northwest Territories, Canada}},
    title = {{Wildfire operations -- Retardants}},
    howpublished = "\url{https://www.enr.gov.nt.ca/en/services/wildfire-operations/retardants}",
    note = "Accessed: 2022-06-16",
}

@misc{HMO/ExactMethods,
    author = {Nina Skorin-Kapov},
    title = {{Lecture slides in Heuristic Optimization Methods -- 3.a Overview of Exact Methods}},
    howpublished = "\url{https://www.fer.unizg.hr/_download/repository/Lecture_3a_-_Exact_methods.pdf}",
    year = "2021",
    publisher = {Faculty of Electrical Engineering and Computing},
    note = "Accessed: 2022-06-16",
}

@misc{Cupic/Metaheuristics,
    author = {Marko Čupić},
    title = {{Prirodom inspirirani optimizacijski algoritmi. Metaheuristike. [Nature-Inspired Optimization Algorithms. Metaheuristics.]}},
    howpublished = "\url{http://java.zemris.fer.hr/nastava/pioa/knjiga-0.1.2013-12-30.pdf}",
    month = dec,
    year = "2013",
    note = "Accessed: 2022-06-17",
}

@misc{ElMundo/Malaga,
    author = {{El Mundo}},
    title = {{La Fiscalía cree que el incendio de Sierra Bermeja ha sido intencionado [The Public Prosecutor's Office believes that the Sierra Bermeja fire was intentional]}},
    howpublished = "\url{https://www.elmundo.es/andalucia/2021/09/13/613efc1e21efa0f4268b4695.html}",
    month = sep,
    year = "2021",
    note = "Accessed: 2022-06-17",
}

@misc{Viking/Technique,
    author = {{Viking Air}},
    title = {{Viking's Aerial Firefighter -- Firefighting Technique}},
    howpublished = "\url{https://aerialfirefighter.vikingair.com/firefighting/firefighting-technique}",
    note = "Accessed: 2022-06-18",
}

@misc{Viking/CL415Sheet,
    author = {{Viking Air}},
    title = {{Canadair -- The Unparalleled Aerial Firefighting Aircraft}},
    howpublished = "\url{https://aerialfirefighter.vikingair.com/sites/aerialfirefighter.vikingair.com/files/docs/canadair_infosheet_june2020_final_v2.pdf}",
    month = jun,
    year = "2020",
    note = "Accessed: 2022-06-18",
}

@phdthesis{Frias/Capacities,
    title={Modelo para la Optimización de los Turnos de Aeronaves Durante la Extinción de Incendios Forestales [Model for the Optimization of Aircraft Schedules During the Extinction of Wildfires]},
    author={Víctor Lozano Frías},
    year=2021,
    school="University Center of Defense, Spanish Air Force Academy",
    type={Bachelor Thesis},
}

@inproceedings{Sanz/Helicopters,
    author="Jesús Manuel Fernández Sanz",
    title={{Eficacia demostrada de los helicópteros medios en la defensa contra incendios forestales [Demonstrated effectiveness of medium-sized helicopters in defense against wildfires]}},
    month=may,
    year=2007,
    booktitle="Proc. of the 4th International Wildland Fire Conference",
    address="Sevilla, Spain",
}

@misc{Merida/Evaluation,
    author={J. C. Mérida and J. J. Gallar and E. García and E. Primo},
    title={{Evaluación Técnico-Económica de la Actuación de Medios Aéreos en la Defensa contra Incendios Forestales [Techno-Economic Assessment of the Performance of Aerial Resources in Defense against Wildfires]}},
    month=apr,
    year=2004,
    address="Córdoba, Spain",
}
